@article{gregory2004new,
  title={A new method for diagnosing radiative forcing and climate sensitivity},
  author={Gregory, JM and Ingram, WJ and Palmer, MA and Jones, GS and Stott, PA and Thorpe, RB and Lowe, JA and Johns, TC and Williams, KD},
  journal={Geophysical Research Letters},
  volume={31},
  number={3},
  year={2004}
}
